This file was created with JabRef 2.0.1.
Encoding: Cp1252

@Book{doc1,
  author =	"Geertje Klein Goldewijk and Jan Jacobs",
  title =	"The relation between stature and long bone length in the roman empire",
  year = 	"2013"
}

@Book{doc2,
  author =	"Jongman, Willem M., Jan PAM Jacobs, and Geertje M. Klein Goldewijk",
  title =	"Health and wealth in the Roman Empire",
  year = 	"2019"
} 


@Book{doc3,
  author =	"Miholca, Diana-Lucia",
  title =	"Machine learning based approaches for sex identification in bioarchaeology",
  year = 	"2016"
}

@Book{doc4,
    author =	"Ionescu, Vlad-Sebastian, Gabriela Czibula, and Mihai Teletin",
    title =	"Supervised Learning Techniques for Body Mass Estimation in Bioarchaeology",
    year = 	"2016"
}

@Book{doc5,
  author = {Czibula, Gabriela,},
  title = {Machine learning-based approaches for predicting stature from archaeological skeletal remains using long bone lengths.},
  year = 2016
}

@Book{doc6,
    title={Construction of Decision Tree : Attribute Selection Measures},
    author={R. Aruna devi, Dr. K. Nirmala},
    year = 2013
}

@Book{doc7,
    title={SEX IDENTIFICATION IN ARCHAEOLOGICAL REMAINS USING DECISION TREE LEARNING},
    author={Ioan-Gabriel Mircea, Gabriela Czibula si Mara-Renata Petrusel},
    year = 2015
}

@Book{doc8,
    title={The Morphometric Measurements of Humerus Segments},
    author={S. Deniz AKMAN, Pinar KARAKAfi, M. GÃ¼lhal BOZKIR},
    year=2005
}